<?xml version="1.0" encoding="UTF-8"?><record xmlns="http://www.loc.gov/MARC21/slim" xmlns:cinclude="http://apache.org/cocoon/include/1.0" xmlns:zs="http://www.loc.gov/zing/srw/">
  <leader>00648cz  a2200181n  4500</leader>
  <controlfield tag="001">n  80019310 </controlfield>
  <controlfield tag="003">DLC</controlfield>
  <controlfield tag="005">20090211075956.0</controlfield>
  <controlfield tag="008">800313n| acannaabn          |b aac      </controlfield>
  <datafield tag="010" ind1=" " ind2=" ">
    <subfield code="a">n  80019310 </subfield>
  </datafield>
  <datafield tag="035" ind1=" " ind2=" ">
    <subfield code="a">(OCoLC)oca00401698</subfield>
  </datafield>
  <datafield tag="040" ind1=" " ind2=" ">
    <subfield code="a">DLC</subfield>
    <subfield code="b">eng</subfield>
    <subfield code="c">DLC</subfield>
    <subfield code="d">OCoLC</subfield>
  </datafield>
  <datafield tag="100" ind1="1" ind2=" ">
    <subfield code="a">Terasaki, Teizō</subfield>
  </datafield>
  <datafield tag="400" ind1="1" ind2=" ">
    <subfield code="a">寺崎定造</subfield>
  </datafield>
  <datafield tag="667" ind1=" " ind2=" ">
    <subfield code="a">Machine-derived non-Latin script reference project.</subfield>
  </datafield>
  <datafield tag="667" ind1=" " ind2=" ">
    <subfield code="a">Non-Latin script reference not evaluated.</subfield>
  </datafield>
  <datafield tag="670" ind1=" " ind2=" ">
    <subfield code="a">His Jitchi kenkyū shōhin torihiki to shōkanshū, 1924:</subfield>
    <subfield code="b">t.p. (Terasaki Teizō)</subfield>
  </datafield>
  <datafield tag="675" ind1=" " ind2=" ">
    <subfield code="a">NDL choshamei, 1979;</subfield>
    <subfield code="a">Nihon shoseki sōmokuroku, index, 1979;</subfield>
    <subfield code="a">Jinji kōshinroku, 1934.</subfield>
  </datafield>
</record>